<record><leader>00000cas a22000007a 4500</leader><controlfield tag="001">21469955</controlfield><controlfield tag="008">900502d19071985vaudr ne      0    0eng d</controlfield><datafield ind1=" " ind2=" " tag="010"><subfield code="a">sn 90069236 </subfield></datafield><datafield ind1=" " ind2=" " tag="040"><subfield code="a">NPH</subfield><subfield code="b">eng</subfield><subfield code="c">NPH</subfield><subfield code="d">NVK</subfield><subfield code="d">TGN</subfield><subfield code="d">NSD</subfield><subfield code="d">OCLCQ</subfield><subfield code="d">OCLCF</subfield><subfield code="d">OCLCO</subfield></datafield><datafield ind1="1" ind2=" " tag="029"><subfield code="a">AU@</subfield><subfield code="b">000020610081</subfield></datafield><datafield ind1=" " ind2=" " tag="042"><subfield code="a">msc</subfield></datafield><datafield ind1=" " ind2=" " tag="043"><subfield code="a">n-us-va</subfield><subfield code="a">n-us-tn</subfield></datafield><datafield ind1="0" ind2=" " tag="130"><subfield code="a">Bristol herald courier (Bristol, Va./Tenn. : 1907 : Daily)</subfield></datafield><datafield ind1="1" ind2="4" tag="245"><subfield code="a">The Bristol herald courier.</subfield></datafield><datafield ind1="1" ind2=" " tag="246"><subfield code="i">Sat. issues for June 1, 1952-Sept. 16, 1973 have title:</subfield><subfield code="a">Bristol herald courier combined Sundays with the Bristol Virginia-Tennessean</subfield></datafield><datafield ind1="1" ind2=" " tag="246"><subfield code="i">Sat. &amp; Sun. issues for Sept. 22, 1973-Jan. 6, 1985 have title:</subfield><subfield code="a">Bristol herald courier combined today with the Bristol Virginia-Tennessean</subfield></datafield><datafield ind1=" " ind2=" " tag="260"><subfield code="a">Bristol, Va. &amp; Tenn. :</subfield><subfield code="b">Bristol Pub. Co.,</subfield><subfield code="c">1907-1985.</subfield></datafield><datafield ind1=" " ind2=" " tag="300"><subfield code="a">v.</subfield></datafield><datafield ind1=" " ind2=" " tag="310"><subfield code="a">Daily,</subfield><subfield code="b">Jan. 25, 1920-Jan. 6, 1985</subfield></datafield><datafield ind1=" " ind2=" " tag="321"><subfield code="a">Daily (except Mon.),</subfield><subfield code="b">Feb. 5, 1907-Jan. 24, 1920</subfield></datafield><datafield ind1="0" ind2=" " tag="362"><subfield code="a">Vol. 1, no. 1 (Feb. 5, 1907)-v. 11, no. 41 (Jan. 6, 1985).</subfield></datafield><datafield ind1=" " ind2=" " tag="500"><subfield code="a">Last weekday issue: (Fri.) 115th year, no. 26876 (Jan 4, 1985).</subfield></datafield><datafield ind1=" " ind2=" " tag="515"><subfield code="a">Combined issues follow numbering of Courier through: Sun., 103rd year, no 24703 (Sept. 30, 1973).</subfield></datafield><datafield ind1=" " ind2=" " tag="515"><subfield code="a">Combined issues numbered independently: Sat., Vol. 1, no. 5 (Oct. 6, 1973)-Sun., v. 11, no. 41 (Jan. 6, 1985).</subfield></datafield><datafield ind1=" " ind2=" " tag="530"><subfield code="a">Available on microfilm from the University of Virginia; Bell and Howell.</subfield></datafield><datafield ind1=" " ind2=" " tag="580"><subfield code="a">Formed by the union of: Bristol herald (Bristol, Va./Tenn. : 1903 : Daily), and: Bristol courier (Bristol, Va./Tenn. : 1902 : Daily).</subfield></datafield><datafield ind1=" " ind2=" " tag="580"><subfield code="a">Published combined issue with: Bristol Virginia-Tennessean, on Sun.: June 1, 1952-Sept. 15, 1973; and on Sat. &amp; Sun.: Sept. 22, 1973-Jan. 6, 1985.</subfield></datafield><datafield ind1=" " ind2=" " tag="580"><subfield code="a">Semiweekly ed.: Bristol news and herald courier, 1912-&lt;1918&gt;</subfield></datafield><datafield ind1=" " ind2=" " tag="580"><subfield code="a">Merged with: Bristol Virginia-Tennessean, to form: Bristol herald courier, Bristol Virginia-Tennessean.</subfield></datafield><datafield ind1=" " ind2="0" tag="651"><subfield code="a">Bristol (Va.)</subfield><subfield code="v">Newspapers.</subfield></datafield><datafield ind1=" " ind2="0" tag="651"><subfield code="a">Bristol (Tenn.)</subfield><subfield code="v">Newspapers.</subfield></datafield><datafield ind1=" " ind2="0" tag="651"><subfield code="a">Washington County (Va.)</subfield><subfield code="v">Newspapers.</subfield></datafield><datafield ind1=" " ind2="0" tag="651"><subfield code="a">Sullivan County (Tenn.)</subfield><subfield code="v">Newspapers.</subfield></datafield><datafield ind1=" " ind2="7" tag="655"><subfield code="a">Newspapers.</subfield><subfield code="2">fast</subfield><subfield code="0">(OCoLC)fst01423814</subfield></datafield><datafield ind1=" " ind2="7" tag="651"><subfield code="a">Tennessee</subfield><subfield code="z">Bristol.</subfield><subfield code="2">fast</subfield><subfield code="0">(OCoLC)fst01216133</subfield></datafield><datafield ind1=" " ind2="7" tag="651"><subfield code="a">Tennessee</subfield><subfield code="z">Sullivan County.</subfield><subfield code="2">fast</subfield><subfield code="0">(OCoLC)fst01207171</subfield></datafield><datafield ind1=" " ind2="7" tag="651"><subfield code="a">Virginia</subfield><subfield code="z">Bristol.</subfield><subfield code="2">fast</subfield><subfield code="0">(OCoLC)fst01216132</subfield></datafield><datafield ind1=" " ind2="7" tag="651"><subfield code="a">Virginia</subfield><subfield code="z">Washington County.</subfield><subfield code="2">fast</subfield><subfield code="0">(OCoLC)fst01216168</subfield></datafield><datafield ind1=" " ind2=" " tag="752"><subfield code="a">United States</subfield><subfield code="b">Virginia</subfield><subfield code="c">Washington</subfield><subfield code="d">Bristol.</subfield></datafield><datafield ind1=" " ind2=" " tag="752"><subfield code="a">United States</subfield><subfield code="b">Tennessee</subfield><subfield code="c">Sullivan</subfield><subfield code="d">Bristol.</subfield></datafield><datafield ind1="0" ind2=" " tag="775"><subfield code="t">Bristol semi-weekly herald courier</subfield><subfield code="g">1907-1912</subfield><subfield code="w">(DLC)sn 00063894</subfield></datafield><datafield ind1="1" ind2=" " tag="775"><subfield code="t">Bristol news and herald courier</subfield><subfield code="g">1912-&lt;1918&gt;</subfield><subfield code="w">(DLC)sn 00063895</subfield></datafield><datafield ind1="0" ind2=" " tag="775"><subfield code="t">Evening herald courier</subfield><subfield code="g">1949-1950</subfield><subfield code="w">(DLC)sn 98068068</subfield></datafield><datafield ind1="1" ind2="4" tag="780"><subfield code="t">Bristol herald (Bristol, Va./Tenn. : 1903 : Daily)</subfield><subfield code="w">(DLC)sn 98068071</subfield></datafield><datafield ind1="1" ind2="4" tag="780"><subfield code="t">Bristol courier (Bristol, Va./Tenn. : 1902 : Daily)</subfield><subfield code="w">(DLC)sn 00063898</subfield></datafield><datafield ind1="0" ind2="5" tag="780"><subfield code="t">Bristol evening news (Bristol, Va./Tenn.)</subfield><subfield code="g">May 26, 1912</subfield><subfield code="w">(DLC)sn 94060152</subfield></datafield><datafield ind1="1" ind2="7" tag="785"><subfield code="t">Bristol Virginia-Tennessean</subfield><subfield code="w">(DLC)sn 98068370</subfield></datafield><datafield ind1="1" ind2="7" tag="785"><subfield code="t">Bristol herald courier, Bristol Virginia-Tennessean</subfield><subfield code="x">8750-6505</subfield><subfield code="w">(DLC)sn 85000354</subfield><subfield code="w">(OCoLC)11619976</subfield></datafield><datafield ind1="1" ind2=" " tag="787"><subfield code="t">Bristol Virginia-Tennessean</subfield><subfield code="w">(DLC)sn 98068370</subfield></datafield></record>